@article{constructing-system,
  title={Constructing a system for finger-position determination and tablature generation for playing melodies on guitars},
  author={Miura, Masanobu and Hirota, Isao and Hama, Nobuhiko and Yanagida, Masazo},
  journal={Systems and Computers in Japan},
  volume={35},
  number={6},
  pages={10--19},
  year={2004},
  publisher={Wiley Online Library}
}

@article{good2001musicxml,
  title={MusicXML for notation and analysis},
  author={Good, Michael},
  journal={The virtual score: representation, retrieval, restoration},
  volume={12},
  pages={113--124},
  year={2001},
  publisher={MIT Press, Cambridge, MA}
}

@inproceedings{cuthbert2010music21,
  title={Music21: A Toolkit for Computer-Aided Musicology and Symbolic Music Data.},
  author={Cuthbert, Michael Scott and Ariza, Christopher},
  booktitle={ISMIR},
  pages={637--642},
  year={2010}
}


@inproceedings{nienhuys2003lilypond,
  title={LilyPond, a system for automated music engraving},
  author={Nienhuys, Han-Wen and Nieuwenhuizen, Jan},
  booktitle={Proceedings of the XIV Colloquium on Musical Informatics (XIV CIM 2003)},
  pages={167--172},
  year={2003},
  organization={Citeseer}
}


@article{sayegh1989fingering,
  title={Fingering for string instruments with the optimum path paradigm},
  author={Sayegh, Samir I},
  journal={Computer Music Journal},
  pages={76--84},
  year={1989},
  publisher={JSTOR}
}


@inproceedings{radicioni2004segmentation,
  title={A segmentation-based prototype to compute string instruments fingering},
  author={Radicioni, Daniele and Anselma, Luca and Lombardo, Vincenzo},
  booktitle={Proceedings of the Conference on Interdisciplinary Musicology, Graz},
  year={2004},
  organization={Citeseer}
}

@inproceedings{radisavljevic2004path,
  title={Path difference learning for guitar fingering problem},
  author={Radisavljevic, Aleksander and Driessen, Peter},
  booktitle={Proceedings of the International Computer Music Conference},
  volume={28},
  year={2004},
  organization={sn}
}

@inproceedings{elkoura2003handrix,
  title={Handrix: animating the human hand},
  author={ElKoura, George and Singh, Karan},
  booktitle={Proceedings of the 2003 ACM SIGGRAPH/Eurographics symposium on Computer animation},
  pages={110--119},
  year={2003},
  organization={Eurographics Association}
}
